<?xml version="1.0" encoding="UTF-8"?><collection xmlns="http://www.loc.gov/MARC21/slim"><record><leader>00396nam--2200145-i-4500</leader><controlfield tag="001">000032389</controlfield><controlfield tag="002">20161230</controlfield><controlfield tag="005">20170113190456</controlfield><controlfield tag="008">060222s1000------------r-----000-0-eng-d</controlfield><datafield ind1=" " ind2=" " tag="100"><subfield code="a">Mione, Anthony John</subfield></datafield><datafield ind1=" " ind2=" " tag="245"><subfield code="a">Dispersed uranium monocarbide-uranium nuclear fuel material</subfield></datafield><datafield ind1=" " ind2=" " tag="260"><subfield code="a">[Washington]</subfield><subfield code="b">[U.S.A.E.C., F.A.]</subfield></datafield><datafield ind1=" " ind2=" " tag="300"><subfield code="a">VI + 81 p</subfield></datafield><datafield ind1=" " ind2=" " tag="852"><subfield code="a">21572</subfield></datafield><datafield ind1=" " ind2=" " tag="CAT"><subfield code="a">SYS</subfield><subfield code="c">20170113</subfield><subfield code="h">190456</subfield></datafield></record></collection>